<?xml version="1.0" encoding="UTF-8"?><collection xmlns="http://www.loc.gov/MARC21/slim"><record><leader>00393nam--2200133-i-4500</leader><controlfield tag="001">000032667</controlfield><controlfield tag="002">20161230</controlfield><controlfield tag="005">20161230201039</controlfield><controlfield tag="008">060222s1000------------r-----000-0-eng-d</controlfield><datafield ind1=" " ind2=" " tag="080"><subfield code="a">548.73(043)</subfield></datafield><datafield ind1=" " ind2=" " tag="100"><subfield code="a">Megtert, Stephan</subfield></datafield><datafield ind1=" " ind2=" " tag="245"><subfield code="a">Etude par diffusion des rayons x de conducteurs organiques a caractere uni-dimensionel</subfield></datafield><datafield ind1=" " ind2=" " tag="260"><subfield code="a">Orsay, Universite De Paris-sud, 1978. 77p</subfield></datafield><datafield ind1=" " ind2=" " tag="852"><subfield code="a">46441</subfield></datafield></record></collection>